<record><leader>00000cas a22000007a 4500</leader><controlfield tag="001">15632913</controlfield><controlfield tag="008">870505d18721908kyuwr ne      0    0eng d</controlfield><datafield ind1=" " ind2=" " tag="010"><subfield code="a">sn 87028321 </subfield></datafield><datafield ind1=" " ind2=" " tag="040"><subfield code="a">NYS</subfield><subfield code="b">eng</subfield><subfield code="c">NYS</subfield><subfield code="d">KNP</subfield><subfield code="d">NYG</subfield><subfield code="d">KNP</subfield><subfield code="d">YOX</subfield><subfield code="d">OCL</subfield><subfield code="d">OCLCQ</subfield><subfield code="d">OCLCF</subfield><subfield code="d">OCLCO</subfield></datafield><datafield ind1="1" ind2=" " tag="029"><subfield code="a">AU@</subfield><subfield code="b">000025823525</subfield></datafield><datafield ind1=" " ind2=" " tag="042"><subfield code="a">msc</subfield></datafield><datafield ind1=" " ind2=" " tag="043"><subfield code="a">n-us-ky</subfield></datafield><datafield ind1="0" ind2=" " tag="130"><subfield code="a">Central Methodist (Catlettsburg, Ky.)</subfield></datafield><datafield ind1="1" ind2="4" tag="245"><subfield code="a">The Central Methodist.</subfield></datafield><datafield ind1=" " ind2=" " tag="260"><subfield code="a">Catlettsburg, Boyd County, Ky. :</subfield><subfield code="b">Zephaniah Meek</subfield></datafield><datafield ind1=" " ind2=" " tag="300"><subfield code="a">v. :</subfield><subfield code="b">ill.</subfield></datafield><datafield ind1=" " ind2=" " tag="310"><subfield code="a">Weekly</subfield></datafield><datafield ind1="1" ind2=" " tag="362"><subfield code="a">Began in 1872.</subfield></datafield><datafield ind1="0" ind2=" " tag="362"><subfield code="a">-v. 42, no. 44 (Oct. 22, 1908).</subfield></datafield><datafield ind1=" " ind2=" " tag="500"><subfield code="a">Published in Catlettsburg, Ky., Apr. 6, 1872-Oct. 22, 1898; in Louisville, Ky., Oct. 27, 1898-Oct. 22, 1908.</subfield></datafield><datafield ind1=" " ind2=" " tag="500"><subfield code="a">Published from the same office: The Big Sandy herald.</subfield></datafield><datafield ind1=" " ind2=" " tag="588"><subfield code="a">Description based on: Vol. 6, no. 1 (Apr. 6, 1872).</subfield></datafield><datafield ind1=" " ind2="0" tag="650"><subfield code="a">Methodists</subfield><subfield code="z">Kentucky</subfield><subfield code="v">Newspapers.</subfield></datafield><datafield ind1=" " ind2="4" tag="651"><subfield code="a">Boyd County (Ky.)</subfield><subfield code="v">Newspapers.</subfield></datafield><datafield ind1=" " ind2="4" tag="651"><subfield code="a">Catlettsburg (Ky.)</subfield><subfield code="v">Newspapers.</subfield></datafield><datafield ind1=" " ind2="7" tag="655"><subfield code="a">Newspapers.</subfield><subfield code="2">fast</subfield><subfield code="0">(OCoLC)fst01423814</subfield></datafield><datafield ind1=" " ind2="7" tag="650"><subfield code="a">Methodists.</subfield><subfield code="2">fast</subfield><subfield code="0">(OCoLC)fst01018703</subfield></datafield><datafield ind1=" " ind2="7" tag="651"><subfield code="a">Kentucky.</subfield><subfield code="2">fast</subfield><subfield code="0">(OCoLC)fst01204494</subfield></datafield><datafield ind1=" " ind2=" " tag="752"><subfield code="a">United States</subfield><subfield code="b">Kentucky</subfield><subfield code="c">Boyd</subfield><subfield code="d">Catlettsburg.</subfield></datafield><datafield ind1=" " ind2=" " tag="752"><subfield code="a">United States</subfield><subfield code="b">Kentucky</subfield><subfield code="c">Jefferson</subfield><subfield code="d">Louisville.</subfield></datafield><datafield ind1="0" ind2="0" tag="780"><subfield code="t">Christian observer (Catlettsburg, Ky.)</subfield><subfield code="w">(DLC)sn 89058392</subfield><subfield code="w">(OCoLC)12709084</subfield></datafield><datafield ind1="0" ind2="7" tag="785"><subfield code="t">Western Virginia Methodist advocate</subfield><subfield code="w">(DLC)sn 85059560</subfield></datafield><datafield ind1="0" ind2="7" tag="785"><subfield code="t">Central Methodist-advocate</subfield><subfield code="w">(DLC)sn 85059571</subfield></datafield><datafield ind1="1" ind2=" " tag="787"><subfield code="t">Big Sandy herald</subfield><subfield code="w">(DLC)sn 82015000</subfield></datafield></record>